<?xml version="1.0" encoding="UTF-8"?><collection xmlns="http://www.loc.gov/MARC21/slim"><record><leader>00462nam--2200169-i-4500</leader><controlfield tag="001">000042588</controlfield><controlfield tag="002">20161230</controlfield><controlfield tag="005">20161230201043</controlfield><controlfield tag="008">060222s1000------------r-----000-0-eng-d</controlfield><datafield ind1=" " ind2=" " tag="040"><subfield code="a">IFIN-HH</subfield></datafield><datafield ind1=" " ind2=" " tag="080"><subfield code="a">535.32:541.18.05</subfield></datafield><datafield ind1="1" ind2=" " tag="100"><subfield code="a">Stacey,K.A</subfield></datafield><datafield ind1="1" ind2="0" tag="245"><subfield code="a">Light-scattering in physical chemistry</subfield><subfield code="c">K.a. stacey</subfield></datafield><datafield ind1=" " ind2=" " tag="260"><subfield code="a">London</subfield><subfield code="b">Butterworths Scientific Publications</subfield><subfield code="c">1956</subfield></datafield><datafield ind1=" " ind2=" " tag="300"><subfield code="a">VIII + 230 P</subfield></datafield><datafield ind1=" " ind2=" " tag="852"><subfield code="a">12642</subfield><subfield code="c">535</subfield></datafield><datafield ind1=" " ind2=" " tag="CAT"><subfield code="a">Sys</subfield><subfield code="c">20101019</subfield><subfield code="h">095232</subfield></datafield></record></collection>